<?xml version="1.0" encoding="UTF-8"?><collection xmlns="http://www.loc.gov/MARC21/slim"><record><leader>00336nam--2200133-i-4500</leader><controlfield tag="001">000022026</controlfield><controlfield tag="002">20161230</controlfield><controlfield tag="005">20161230201034</controlfield><controlfield tag="008">060222s1000------------r-----000-0-eng-d</controlfield><datafield ind1=" " ind2=" " tag="100"><subfield code="a">Ghimesan, I</subfield></datafield><datafield ind1=" " ind2=" " tag="245"><subfield code="a">Frederic joliot curie</subfield></datafield><datafield ind1=" " ind2=" " tag="260"><subfield code="a">Bucuresti, Editura Tineretului, 1961, 317p</subfield></datafield><datafield ind1=" " ind2=" " tag="490"><subfield code="a">Colectia Oameni De Seama</subfield></datafield><datafield ind1=" " ind2=" " tag="852"><subfield code="a">2701</subfield></datafield></record></collection>